@book{Fitzgerald2014,
	Author = {Stephen D. Umans},
	Title = {Máquinas Elétricas de Fitzgerald e Kingsley},
	Publisher = {Mc Graw Hill},
	Year = {2014},
	ISBN = {8580553733},
	URL = {https://www.amazon.com.br/M%C3%A1quinas-El%C3%A9tricas-Fitzgerald-Kingsley-Stephen/dp/8580553733/ref=sr_1_1?__mk_pt_BR=%C3%85M%C3%85%C5%BD%C3%95%C3%91&dchild=1&keywords=fitzgerald+m%C3%A1quinas+el%C3%A9tricas&qid=1633986974&sr=8-1&ufe=app_do%3Aamzn1.fos.6a09f7ec-d911-4889-ad70-de8dd83c8a74}
}
